@article{debus2023reporting,
    title={Reporting electricity consumption is essential for sustainable AI},
    author={Debus, Charlotte and Piraud, Marie and Streit, Achim and Theis, Fabian and G{\"o}tz, Markus},
    journal={Nature Machine Intelligence},
    volume={5},
    number={11},
    pages={1176--1178},
    year={2023},
    publisher={Nature Publishing Group UK London},
    doi={10.1038/s42256-023-00750-1}
}
